@book{lalement_computation_1993,
	address = {Paris : Hemel, Hempstead ; Englewood Cliffs, {NJ}},
	series = {Prentice Hall international series in computer science},
	title = {Computation as Logic},
	publisher = {Masson ; Prentice Hall},
	author = {Lalement, ReneÃÅ},
	year = {1993},
	keywords = {Computation, Functional programming (Computer science), Logic programming, Logic, Symbolic and mathematical}
},
@book{jacky_way_1997,
	address = {Cambridge ; New York, {NY}, {USA}},
	title = {The Way of Z: Practical Programming with Formal Methods},
	publisher = {Cambridge University Press},
	author = {Jacky, Jonathan},
	year = {1997},
	keywords = {Formal methods (Computer science), Z}
},

@book{potter_introduction_1996,
	address = {London ; New York},
	edition = {2nd ed},
	series = {Prentice-Hall international series in computer science},
	title = {An Introduction to Formal Specification and Z},
	publisher = {Prentice Hall},
	author = {Potter, Ben},
	collaborator = {Sinclair, Jane and Till, David},
	year = {1996},
	keywords = {Computer software, Development, Z}
},

@book{spivey_z_1992,
	address = {New York},
	title = {The Z Notation: A Reference Manual},
	url = {http://spivey.oriel.ox.ac.uk/mike/zrm/},
	language = {English},
	publisher = {Prentice Hall},
	author = {Spivey, J. M},
	year = {1992},
	keywords = {Z}
},

@book{woodcock_using_1996,
	address = {London ; New York},
	series = {Prentice-Hall international series in computer science},
	title = {Using Z: specification, refinement, and proof},
	publisher = {Prentice Hall},
	author = {Woodcock, Jim},
	collaborator = {Davies, Jim},
	year = {1996},
	keywords = {Z}
},

@book{z-iso-13568,
	address = {Geneva},
	title = {Information technology -- Z formal specification notation -- Syntax, type system and semantics},
	url = {http://www.iso.org/iso/catalogue_detail.htm?csnumber=21573},
	urldate = {2014-02-28},
	publisher = {{ISO}},
	author = {{ISO/IEC} 13568:2002},
	year = {2002}
}
